@article{shen2023commodification,
  title={The Commodification and Alienation of Vtubers in China},
  author={Shen, Taolue},
  year={2023}
}